<mx:record xmlns="http://www.w3.org/TR/xhtml1/strict" xmlns:mx="http://www.loc.gov/MARC21/slim" xmlns:xsi="http://www.w3.org/2001/XMLSchema-instance"><mx:leader>00000nz   2200000n  4500</mx:leader><mx:controlfield tag="001">oca03907280 </mx:controlfield><mx:controlfield tag="005">19950828095316.4</mx:controlfield><mx:controlfield tag="008">950828n| acannaab|          |a aaa |||  </mx:controlfield><mx:datafield ind1=" " ind2=" " tag="010"><mx:subfield code="a">n  95085085 </mx:subfield></mx:datafield><mx:datafield ind1=" " ind2=" " tag="040"><mx:subfield code="a">DLC</mx:subfield><mx:subfield code="c">DLC</mx:subfield></mx:datafield><mx:datafield ind1="0" ind2=" " tag="100"><mx:subfield code="a">Caesarius,</mx:subfield><mx:subfield code="c">of Heisterbach,</mx:subfield><mx:subfield code="d">ca. 1180-ca. 1240</mx:subfield></mx:datafield><mx:datafield ind1="0" ind2=" " tag="400"><mx:subfield code="a">Césaire,</mx:subfield><mx:subfield code="c">de Heisterbach,</mx:subfield><mx:subfield code="d">ca. 1180-ca. 1240</mx:subfield></mx:datafield><mx:datafield ind1="1" ind2=" " tag="400"><mx:subfield code="a">Heisterbach, Césaire de,</mx:subfield><mx:subfield code="d">ca. 1180-ca. 1240</mx:subfield></mx:datafield><mx:datafield ind1="1" ind2=" " tag="400"><mx:subfield code="a">De Heisterbach, Césaire,</mx:subfield><mx:subfield code="d">ca. 1180-ca. 1240</mx:subfield></mx:datafield><mx:datafield ind1=" " ind2=" " tag="670"><mx:subfield code="a">Tuez-les tous, Dieu reconnaîtra les siens : le massacre de Béziers (22 juillet 1209) et la croisade contre les Albigeois vus par Césaire de Heisterbach, c1994.</mx:subfield></mx:datafield><mx:datafield ind1=" " ind2=" " tag="670"><mx:subfield code="a">LC data base, 08-27-95</mx:subfield><mx:subfield code="b">(hdg.: Caesarius, of Heisterbach, ca. 1180-ca. 1240)</mx:subfield></mx:datafield><mx:datafield ind1=" " ind2=" " tag="999"><mx:subfield code="a">65</mx:subfield></mx:datafield></mx:record>